<record><leader>00000cas a2200000 a 4500</leader><controlfield tag="001">30759134</controlfield><controlfield tag="008">940713d19621989oruwr ne      0    0eng d</controlfield><datafield ind1=" " ind2=" " tag="010"><subfield code="a">sn 96088490 </subfield></datafield><datafield ind1=" " ind2=" " tag="040"><subfield code="a">ORY</subfield><subfield code="b">eng</subfield><subfield code="c">ORY</subfield><subfield code="d">OCN</subfield><subfield code="d">ORU</subfield><subfield code="d">OCLCQ</subfield><subfield code="d">OCLCF</subfield><subfield code="d">OCLCO</subfield></datafield><datafield ind1=" " ind2=" " tag="043"><subfield code="a">n-us-or</subfield></datafield><datafield ind1="0" ind2=" " tag="130"><subfield code="a">Valley times (Beaverton, Or.)</subfield></datafield><datafield ind1="1" ind2="0" tag="245"><subfield code="a">Valley times.</subfield></datafield><datafield ind1=" " ind2=" " tag="260"><subfield code="a">Beaverton, Or. :</subfield><subfield code="b">Valley Pub.,</subfield><subfield code="c">1962-1989.</subfield></datafield><datafield ind1=" " ind2=" " tag="300"><subfield code="a">v. :</subfield><subfield code="b">ill.</subfield></datafield><datafield ind1=" " ind2=" " tag="310"><subfield code="a">Weekly,</subfield><subfield code="b">July 12, 1984-Jan. 12, 1989</subfield></datafield><datafield ind1=" " ind2=" " tag="321"><subfield code="a">Weekly,</subfield><subfield code="b">Sept. 6, 1962-May 7, 1964</subfield></datafield><datafield ind1=" " ind2=" " tag="321"><subfield code="a">Weekly (Except week preceding Dec. 25),</subfield><subfield code="b">May 14, 1964-Apr. 19, 1973</subfield></datafield><datafield ind1=" " ind2=" " tag="321"><subfield code="a">Semiweekly,</subfield><subfield code="b">Apr. 22, 1973-July 5, 1984</subfield></datafield><datafield ind1="0" ind2=" " tag="362"><subfield code="a">Vol. 42, no. 34 (Sept. 6, 1962)-Jan. 12, 1989.</subfield></datafield><datafield ind1=" " ind2=" " tag="500"><subfield code="a">Includes regional classified ads shared with other regional papers.</subfield></datafield><datafield ind1=" " ind2=" " tag="530"><subfield code="a">Also issued on microfilm from University of Oregon.</subfield></datafield><datafield ind1=" " ind2="0" tag="651"><subfield code="a">Washington County (Or.)</subfield><subfield code="v">Newspapers.</subfield></datafield><datafield ind1=" " ind2="0" tag="651"><subfield code="a">Multnomah County (Or.)</subfield><subfield code="v">Newspapers.</subfield></datafield><datafield ind1=" " ind2="7" tag="655"><subfield code="a">Newspapers.</subfield><subfield code="2">fast</subfield><subfield code="0">(OCoLC)fst01423814</subfield></datafield><datafield ind1=" " ind2="7" tag="651"><subfield code="a">Oregon</subfield><subfield code="z">Multnomah County.</subfield><subfield code="2">fast</subfield><subfield code="0">(OCoLC)fst01216118</subfield></datafield><datafield ind1=" " ind2="7" tag="651"><subfield code="a">Oregon</subfield><subfield code="z">Washington County.</subfield><subfield code="2">fast</subfield><subfield code="0">(OCoLC)fst01217169</subfield></datafield><datafield ind1=" " ind2=" " tag="752"><subfield code="a">United States</subfield><subfield code="b">Oregon</subfield><subfield code="c">Washington</subfield><subfield code="d">Beaverton.</subfield></datafield><datafield ind1="0" ind2="0" tag="780"><subfield code="t">Valley news (Beaverton, Or.)</subfield><subfield code="w">(DLC)sn 96088458</subfield><subfield code="w">(OCoLC)36206188</subfield></datafield><datafield ind1="0" ind2="0" tag="785"><subfield code="t">Beaverton Valley times</subfield><subfield code="w">(DLC)sn 96088495</subfield><subfield code="w">(OCoLC)36326468</subfield></datafield></record>